@Manual{R-base,
  title = {R: A Language and Environment for Statistical Computing},
  author = {{R Core Team}},
  organization = {R Foundation for Statistical Computing},
  address = {Vienna, Austria},
  year = {2022},
  url = {https://www.R-project.org/},
}

@Manual{R-seasonal,
  title = {seasonal: R Interface to X-13-ARIMA-SEATS},
  author = {Christoph Sax},
  year = {2022},
  note = {R package version 1.9.0},
  url = {http://www.seasonal.website},
}

@Manual{R-x13binary,
  title = {x13binary: Provide the x13ashtml Seasonal Adjustment Binary},
  author = {Dirk Eddelbuettel and Christoph Sax},
  year = {2022},
  note = {R package version 1.1.57-3},
  url = {https://github.com/x13org/x13binary},
}

@Article{seasonal2018,
  title = {Seasonal Adjustment by {X-13ARIMA-SEATS} in {R}},
  author = {Christoph Sax and Dirk Eddelbuettel},
  journal = {Journal of Statistical Software},
  year = {2018},
  volume = {87},
  number = {11},
  pages = {1--17},
  doi = {10.18637/jss.v087.i11},
}

@book{box1970time,
  title={Time Series Analysis: Forecasting and Control},
  author={Box, George E. P. and Jenkins, Gwilym M.},
  year={1970},
  publisher={Holden-Day},
  address={San Francisco}
}
