
@manual{ONS07,
  title =        {Guide to Seasonal Adjustment with X-12-ARIMA},
  author =       {{UK Office for National Statistics}},
  year =         2007,
  url =
                  {http://www.ons.gov.uk/ons/guide-method/method-quality/general-methodology/time-series-analysis/guide-to-seasonal-adjustment.pdf}
}

@manual{aisch16,
  title =        {{\pkg{gunsales}: Statistical Analysis of Monthly
                  Background Checks of Gun Purchases}},
  author =       {Gregor Aisch and Josh Keller and Dirk Eddelbuettel},
  year =         2017,
  note =         {R package version 0.1.2},
  url =          {https://CRAN.R-project.org/package=gunsales},
}

@misc{bls16,
  author =       {{US Bureau of Labor Statistics}},
  year =         2016,
  title =        {{Current Employment Statistics}},
  howpublished = {\url{http://www.bls.gov/web/empsit/cesseasadj.htm}},
  note =         {Accessed: 2016-12-12}
}

@techreport{caporello01,
  author =       {Caporello, Gianluca and Maravall, Agustin and
                  S{\'a}nchez, Fernando J},
  title =        {{Program TSW Reference Manual}},
  year =         2001,
  institution =  {Banco de Espa{\~n}a Madrid},
  url =          {https://ideas.repec.org/p/bde/wpaper/0112.html},
  number =       0112
}

@manual{census17,
  title =        {X-13ARIMA-SEATS Reference Manual},
  author =       {{US Census Bureau}},
  organization = {Time Series Research Staff, Center for Statistical
                  Research and Methodology, US Census Bureau},
  address =      {Washington, DC, USA},
  year =         2017,
  edition =      {Version 1.1},
  url =          {http://www.census.gov/ts/x13as/docX13ASHTML.pdf},
}

@incollection{dagum16,
  title =        {Seasonal Adjustment Based on ARIMA Model
                  Decomposition: TRAMO-SEATS},
  author =       {Dagum, Estela Bee and Bianconcini, Silvia},
  booktitle =    {Seasonal Adjustment Methods and Real Time
                  Trend-Cycle Estimation},
  pages =        {115--145},
  year =         2016,
  publisher =    {Springer}
}

@book{dagum80,
  title =        {The X-11-ARIMA Seasonal Adjustment Method},
  author =       {Dagum, Estela Bee},
  year =         1980,
  publisher =    {Statistics Canada, Seasonal Adjustment and Time
                  Series Staff}
}

@manual{ellis16,
  title =        {{\pkg{ggseas}}: 'stats' for Seasonal Adjustment on
                  the Fly with {\pkg{ggplot2}}},
  author =       {Peter Ellis},
  year =         2017,
  note =         {R package version 0.5.1},
  url =          {https://CRAN.R-project.org/package=ggseas},
}

@manual{eurostat17,
  title =        {JDemetra+: Econometric Software for Seasonal
                  Adjustment and Other Time Series Methods},
  author =       {{National Bank of Belgium, Deutsche Bundesbank,
                  Eurostat}},
  organization = {Eurostat},
  year =         2017,
  url =          {https://ec.europa.eu/eurostat/cros/content/download},
}

@article{findley05,
  title =        {Some Recent Developments and Directions in Seasonal
                  Adjustment},
  author =       {Findley, David F},
  journal =      {Journal of Official Statistics},
  volume =       21,
  number =       2,
  pages =        343,
  year =         2005,
  url =
                  {https://www.census.gov/ts/papers/recentdevelopmentsjos.pdf}
}

@article{findley98,
  title =        {New Capabilities and Methods of the X-12-ARIMA
                  Seasonal-Adjustment Program},
  author =       {Findley, David F and Monsell, Brian C and Bell,
                  William R and Otto, Mark C and Chen, Bor-Chung},
  journal =      {Journal of Business \& Economic Statistics},
  volume =       16,
  number =       2,
  pages =        {127--152},
  year =         1998,
  publisher =    {Taylor \& Francis}
}

@manual{grudkowska15,
  title =        {JDemetra+ User Guide},
  author =       {Sylwia Grudkowska},
  organization = {Narodowy Bank Polski},
  address =      {Warszawa, Poland},
  year =         2015,
  url =
                  {http://ec.europa.eu/eurostat/cros/system/files/jdemetra_user_guide.pdf_en},
}

@Manual{hafen16,
  title =        {{\pkg{stlplus}: Enhanced Seasonal Decomposition of
                  Time Series by Loess}},
  author =       {Ryan Hafen},
  year =         2016,
  note =         {R package version 0.5.1},
  url =          {https://CRAN.R-project.org/package=stlplus},
}

@article{kowarik14,
  author =       {Alexander Kowarik and Angelika Meraner and Matthias
                  Templ and Daniel Schopfhauser},
  title =        {{Seasonal Adjustment with the \proglang{R} Packages
                  {\pkg{x12}} and {\pkg{x12GUI}}}},
  journal =      {Journal of Statistical Software},
  volume =       62,
  number =       1,
  year =         2014,
  issn =         {1548-7660},
  pages =        {1--21},
  doi =          {10.18637/jss.v062.i02},
  url =
                  {https://www.jstatsoft.org/index.php/jss/article/view/v062i02}
}

@book{ladiray12,
  title =        {Seasonal Adjustment with the X-11 Method},
  author =       {Ladiray, Dominique and Quenneville, Benoit},
  volume =       158,
  year =         2012,
  publisher =    {Springer Science \& Business Media}
}

@inproceedings{monsell07,
  title =        {The X-13A-S Seasonal Adjustment Program},
  author =       {Monsell, B},
  booktitle =    {Proceedings of the 2007 Federal Committee On
                  Statistical Methodology Research Conference},
  url =          {http://www.fcsm.gov/07papers/Monsell.II-B.pdf},
  year =         2007
}

@manual{rcore16,
  title =        {{\proglang{R}}: A Language and Environment for
                  Statistical Computing},
  author =       {{{\proglang{R}} Core Team}},
  organization = {{\proglang{R}} Foundation for Statistical Computing},
  address =      {Vienna, Austria},
  year =         2017,
  url =          {https://www.R-project.org/},
}

@manual{seasonal,
  title =        {{\pkg{seasonal}: \proglang{R} Interface to
                  X-13-ARIMA-SEATS}},
  author =       {Christoph Sax},
  year =         2018,
  note =         {R package version 1.7},
  url =          {https://CRAN.R-project.org/package=seasonal}
}

@manual{seasonalview,
  title =        {{\pkg{seasonalview}: Graphical User Interface for
                  Seasonal Adjustment}},
  author =       {Christoph Sax},
  year =         2017,
  note =         {R package version 0.3},
  url =          {https://CRAN.R-project.org/package=seasonalview}
}

@manual{shiny16,
  title =        {{\pkg{shiny}: Web Application Framework for
                  \proglang{R}}},
  author =       {Winston Chang and Joe Cheng and JJ Allaire and Yihui
                  Xie and Jonathan McPherson},
  year =         2017,
  note =         {R package version 1.0.5},
  url =          {https://CRAN.R-project.org/package=shiny}
}

@manual{x13binary,
  title =        {{\pkg{x13binary}: Provide the 'x13ashtml' Seasonal
                  Adjustment Binary}},
  author =       {Dirk Eddelbuettel and Christoph Sax},
  year =         2017,
  note =         {R package version 1.1.39-1},
  url =          {https://CRAN.R-project.org/package=x13binary}
}

@manual{x13prebuilt,
  title =        {{\pkg{x13prebuilt}: Pre-built Binaries of
                  X-13ARIMA-SEATS}},
  author =       {Dirk Eddelbuettel and Christoph Sax},
  year =         2017,
  howpublished = {GitHub Repository},
  url =          {https://github.com/x13org/x13prebuilt}
}

@Article{jss,
  title = {Seasonal Adjustment by {X-13ARIMA-SEATS} in {R}},
  author = {Christoph Sax and Dirk Eddelbuettel},
  journal = {Journal of Statistical Software},
  year = {2018},
  volume = {87},
  number = {11},
  pages = {1--17},
  doi = {10.18637/jss.v087.i11},
}
