@Manual{R-base,
  title = {R: A Language and Environment for Statistical Computing},
  author = {{R Core Team}},
  organization = {R Foundation for Statistical Computing},
  address = {Vienna, Austria},
  year = {2021},
  url = {https://www.R-project.org/},
}

@Manual{R-seasonal,
  title = {seasonal: R Interface to X-13-ARIMA-SEATS},
  author = {Christoph Sax},
  year = {2021},
  note = {R package version 1.8.3},
  url = {http://www.seasonal.website},
}

@Manual{R-usethis,
  title = {usethis: Automate Package and Project Setup},
  author = {Hadley Wickham and Jennifer Bryan},
  year = {2021},
  note = {R package version 2.0.1},
  url = {https://CRAN.R-project.org/package=usethis},
}

@Manual{R-x13binary,
  title = {x13binary: Provide the x13ashtml Seasonal Adjustment Binary},
  author = {Dirk Eddelbuettel and Christoph Sax},
  year = {2021},
  note = {R package version 1.1.57-1},
  url = {https://github.com/x13org/x13binary},
}

@Article{seasonal2018,
  title = {Seasonal Adjustment by {X-13ARIMA-SEATS} in {R}},
  author = {Christoph Sax and Dirk Eddelbuettel},
  journal = {Journal of Statistical Software},
  year = {2018},
  volume = {87},
  number = {11},
  pages = {1--17},
  doi = {10.18637/jss.v087.i11},
}

